@InCollection{barnes1989,
  title={Standard normal variate transformation and de-trending of near-infrared diffuse reflectance spectra},
  author={Barnes, RJ and Dhanoa, Mewa Singh and Lister, Susan J},
  journal={Applied spectroscopy},
  volume={43},
  number={5},
  pages={772--777},
  year={1989},
  publisher={SAGE Publications Sage UK: London, England}
}

@InCollection{clark1984,
  title={Reflectance spectroscopy: Quantitative analysis techniques for remote sensing applications},
  author={Clark, Roger N and Roush, Ted L},
  journal={Journal of Geophysical Research: Solid Earth},
  volume={89},
  number={B7},
  pages={6329--6340},
  year={1984},
  publisher={Wiley Online Library}
}


@Book{eriksson2006,
  title={Multi-and megavariate data analysis},
  author={Eriksson, Lennart and Johansson, Erik and Kettaneh-Wold, N and Trygg, Johan and Wikstr{\"o}m, C and Wold, Svante},
  volume={1},
  year={2006},
  publisher={Umetrics Sweden}
}

@article{fearn2008,
  title={The interaction between standard normal variate and derivatives},
  author={Fearn, Tom},
  journal={NIR news},
  volume={19},
  number={7},
  pages={16--17},
  year={2008},
  publisher={SAGE Publications Sage UK: London, England}
}

@article{fearn2010,
  title={Combining other predictors with NIR spectra},
  author={Fearn, Tom},
  journal={NIR news},
  volume={21},
  number={2},
  pages={13--16},
  year={2010},
  publisher={SAGE Publications Sage UK: London, England}
}

@article{fernandez2008,
  title={Soil parameter quantification by NIRS as a Chemometric challenge at ‘Chimiom{\'e}trie 2006’},
  author={Fernandez-Pierna, Juan Antonio and Dardenne, Pierre},
  journal={Chemometrics and intelligent laboratory systems},
  volume={91},
  number={1},
  pages={94--98},
  year={2008},
  publisher={Elsevier}
}

@article{honigs1985,
  title={Unique-sample selection via near-infrared spectral subtraction},
  author={Honigs, DE and Hieftje, Gary M and Mark, HL and Hirschfeld, TB},
  journal={Analytical Chemistry},
  volume={57},
  number={12},
  pages={2299--2303},
  year={1985},
  publisher={ACS Publications}
}

@article{kennard1969,
  title={Computer aided design of experiments},
  author={Kennard, Ronald W and Stone, Larry A},
  journal={Technometrics},
  volume={11},
  number={1},
  pages={137--148},
  year={1969},
  publisher={Taylor \& Francis}
}

@article{mullen2007,
  title={An Introduction to the'Special Volume Spectroscopy and Chemometrics in R'},
  author={Mullen, Katharine M and van Stokkum, Ivo HM},
  journal={Journal of Statistical Software},
  volume={18},
  number={01},
  year={2007},
  publisher={American Statistical Association}
}

@misc{naes2002,
  title={Outlier detection. A user-friendly guide to multivariate calibration and classification},
  author={Naes, T and Isaksson, T and Fearn, T and Davies, T},
  year={2002},
  publisher={NIR Publications, Chichester}
}

@article{puchwein1988,
  title={Selection of calibration samples for near-infrared spectrometry by factor analysis of spectra},
  author={Puchwein, Gerd},
  journal={Analytical Chemistry},
  volume={60},
  number={6},
  pages={569--573},
  year={1988},
  publisher={ACS Publications}
}

@article{savitzky1964,
  title={Smoothing and differentiation of data by simplified least squares procedures.},
  author={Savitzky, Abraham and Golay, Marcel JE},
  journal={Analytical chemistry},
  volume={36},
  number={8},
  pages={1627--1639},
  year={1964},
  publisher={ACS Publications}
}

@article{shenk1991,
  title={Population definition, sample selection, and calibration procedures for near infrared reflectance spectroscopy},
  author={Shenk, JS and Westerhaus, MO},
  journal={Crop science},
  volume={31},
  number={2},
  pages={469--474},
  year={1991},
  publisher={Crop Science Society of America}
}

@article{shetty2012,
  title={Selection of representative calibration sample sets for near-infrared reflectance spectroscopy to predict nitrogen concentration in grasses},
  author={Shetty, Nisha and Rinnan, {\AA}smund and Gislum, Ren{\'e}},
  journal={Chemometrics and Intelligent Laboratory Systems},
  volume={111},
  number={1},
  pages={59--65},
  year={2012},
  publisher={Elsevier}
}

@article{snee1977,
  title={Validation of regression models: methods and examples},
  author={Snee, Ronald D},
  journal={Technometrics},
  volume={19},
  number={4},
  pages={415--428},
  year={1977},
  publisher={Taylor \& Francis Group}
}

@article{ramirez2014,
  title={Sampling optimal calibration sets in soil infrared spectroscopy},
  author={Ramirez-Lopez, Leonardo and Schmidt, Karsten and Behrens, Thorsten and Van Wesemael, Bas and Dematt{\^e}, Jose AM and Scholten, Thomas},
  journal={Geoderma},
  volume={226},
  pages={140--150},
  year={2014},
  publisher={Elsevier}
}

@article{rinnan2009review,
  title={Review of the most common pre-processing techniques for near-infrared spectra},
  author={Rinnan, {\AA}smund and Van Den Berg, Frans and Engelsen, S{\o}ren Balling},
  journal={TrAC Trends in Analytical Chemistry},
  volume={28},
  number={10},
  pages={1201--1222},
  year={2009},
  publisher={Elsevier}
}

@article{geladi1985linearization,
  title={Linearization and scatter-correction for near-infrared reflectance spectra of meat},
  author={Geladi, P and MacDougall, D and Martens, H},
  journal={Applied spectroscopy},
  volume={39},
  number={3},
  pages={491--500},
  year={1985},
  publisher={Society for Applied Spectroscopy}
}

@article{hopkins2001norris,
  title={What is a Norris derivative?},
  author={Hopkins, David W},
  journal={NIR news},
  volume={12},
  number={3},
  pages={3--5},
  year={2001},
  publisher={SAGE Publications Sage UK: London, England}
}

@article{luo2005properties,
  title={Properties of Savitzky--Golay digital differentiators},
  author={Luo, Jianwen and Ying, Kui and He, Ping and Bai, Jing},
  journal={Digital Signal Processing},
  volume={15},
  number={2},
  pages={122--136},
  year={2005},
  publisher={Elsevier}
}


